@article{Lacour:2018alk,
      author         = "Lacour, D.",
      title          = "{A High-Granularity Timing Detector for the Phase-II
                        upgrade of the ATLAS calorimeter system: detector concept
                        description and first beam test results}",
      booktitle      = "{Proceedings, International Conference on Calorimetry for
                        the High Energy Frontier (CHEF 2017): Lyon, France,
                        October 2-6, 2017}",
      journal        = "JINST",
      volume         = "13",
      year           = "2018",
      number         = "02",
      pages          = "C02016",
      doi            = "10.1088/1748-0221/13/02/C02016",
      SLACcitation   = "%%CITATION = JINST,13,C02016;%%"
}

@article{delaTaille:2018qap,
      author         = "de La Taille and others",
      title          = "{ALTIROC0, a 20 pico-second time resolution ASIC for the
                        ATLAS High Granularity Timing Detector (HGTD)}",
      booktitle      = "{Proceedings, Topical Workshop on Electronics for
                        Particle Physics (TWEPP17): Santa Cruz, CA, USA, September
                        11-15, 2017}",
      journal        = "PoS",
      volume         = "TWEPP-17",
      year           = "2018",
      pages          = "006",
      doi            = %"10.22323/1.313.0006",
      SLACcitation   = "%%CITATION = POSCI,TWEPP-17,006;%%"
}

@article{White:2014oga,
      author         = "White, Sebastian N.",
      title          = "{R\&D for a Dedicated Fast Timing Layer in the CMS Endcap
                        Upgrade}",
      booktitle      = "{Workshop on Picosecond Photon Sensors for Physics and
                        Medical Applications Clermont-Ferrand, France, 12â€“14
                        March 2014}",
      journal        = "Acta Phys. Polon. B Proc. Suppl.",
      volume         = "7",
      year           = "2014",
      pages          = "743",
      doi            = "10.5506/APhysPolBSupp.7.743",
      eprint         = "1409.1165",
      archivePrefix  = "arXiv",
      primaryClass   = "physics.ins-det",
      SLACcitation   = "%%CITATION = ARXIV:1409.1165;%%"
}

@article{Parker:1996dx,
      author         = "Parker, S. I. and others",
      title          = "{3-D: A New architecture for solid state radiation
                        detectors}",
      journal        = "Nucl. Instrum. Meth.",
      volume         = "A395",
      year           = "1997",
      pages          = "328-343",
      doi            = %"10.1016/S0168-9002(97)00694-3",
      reportNumber   = %"UH-511-839-96",
      SLACcitation   = "%%CITATION = NUIMA,A395,328;%%"
}

@article{Aad:2012wf,
      author         = "Albert, J. and others",
      title          = "{Prototype ATLAS IBL Modules using the FE-I4A Front-End
                        Readout Chip}",
      collaboration  = "ATLAS IBL",
      journal        = "JINST",
      volume         = "7",
      year           = "2012",
      pages          = "P11010",
      doi            = "10.1088/1748-0221/7/11/P11010",
      eprint         = "1209.1906",
      archivePrefix  = "arXiv",
      primaryClass   = "physics.ins-det",
      reportNumber   = "AIDA-PUB-2012-010",
      SLACcitation   = "%%CITATION = ARXIV:1209.1906;%%"
}

@article{Pellegrini:2008zza,
      author         = "Pellegrini, G. and others",
      title          = "{First double-sided 3-D detectors fabricated at CNM-IMB}",
      journal        = "Nucl. Instrum. Meth.",
      volume         = "A592",
      year           = "2008",
      pages          = "38-43",
      doi            = %"10.1016/j.nima.2008.03.119",
      SLACcitation   = "%%CITATION = NUIMA,A592,38;%%"
}

@article{Pellegrini:2014lki,
      author         = "Pellegrini, G. and others",
      title          = "{Technology developments and first measurements of Low
                        Gain Avalanche Detectors (LGAD) for high energy physics
                        applications}",
      booktitle      = "{Proceedings, 9th International "Hiroshima" Symposium on
                        Development and Application of Semiconductor Tracking
                        Detectors (HSTD-9): Hiroshima, Japan, September 2-6,
                        2013}",
      journal        = "Nucl. Instrum. Meth.",
      volume         = "A765",
      year           = "2014",
      pages          = "12-16",
      doi            = "10.1016/j.nima.2014.06.008",
      SLACcitation   = "%%CITATION = NUIMA,A765,12;%%"
}

@article{Sultan:2016vzg,
      author         = "Sultan, D.M.S. and others",
      title          = "{First Production of New Thin 3D Sensors for HL-LHC at
                        FBK}",
      booktitle      = "{Proceedings, 18th International Workshop on Radiation
                        Imaging Detectors (IWORID 2016): Barcelona, Spain, July
                        3-7, 2016}",
      journal        = "JINST",
      volume         = "12",
      year           = "2017",
      number         = "01",
      pages          = "C01022",
      doi            = %"10.1088/1748-0221/12/01/C01022",
      eprint         = %"1612.00638",
      archivePrefix  = %"arXiv",
      primaryClass   = %"physics.ins-det",
      SLACcitation   = "%%CITATION = ARXIV:1612.00638;%%"
}

@article{Demaria:2016dwz,
      author         = "Demaria, N. and others",
      title          = "{Recent progress of RD53 Collaboration towards next
                        generation Pixel Read-Out Chip for HL-LHC}",
      booktitle      = "{Proceedings, 8th International Workshop on Semiconductor
                        Pixel Detectors for Particles and Imaging (PIXEL 2016):
                        Sestri Levante, Italy, September 5-9, 2016}",
      collaboration  = "RD53",
      journal        = "JINST",
      volume         = "11",
      year           = "2016",
      number         = "12",
      pages          = "C12058",
      doi            = "10.1088/1748-0221/11/12/C12058",
      reportNumber   = "FERMILAB-CONF-16-622-PPD",
      SLACcitation   = "%%CITATION = JINST,11,C12058;%%"
}

@article{Kramberger:2019ygz,
      author         = "Kramberger, G. and others",
      title          = "{Timing performance of small cell 3D silicon detectors}",
      year           = "2019",
      eprint         = "1901.02538",
      archivePrefix  = "arXiv",
      primaryClass   = "physics.ins-det",
      SLACcitation   = "%%CITATION = ARXIV:1901.02538;%%"
}

@article{Moll:2003cj,
      author         = "Moll, M.",
      title          = "{Development of radiation hard sensors for very high
                        luminosity colliders: CERN-RD50 project}",
      booktitle      = "{Proceedings, 11th International Workshop on Vertex
                        Detectors (Vertex 2002): Kailua-Kona, USA, November 3-8,
                        2002}",
      collaboration  = "RD50",
      journal        = "Nucl. Instrum. Meth.",
      volume         = "A511",
      year           = "2003",
      pages          = "97-105",
      doi            = "10.1016/S0168-9002(03)01772-8",
      SLACcitation   = "%%CITATION = NUIMA,A511,97;%%"
}

@article{Stoffel:1996,
      author         = "Stoffel, A. and others",
      title          = "{LPCVD against PECVD for micromechanical applications}",
      journal        = "J. Micromech. Microeng.",
      volume         = "6",
      year           = "1996",
      pages          = "1",
      doi            = %"10.1088/0960-1317/6/1/001"
      SLACcitation   = "%%CITATION = NUIMA,A592,38;%%" 
}

@article{kdetsim,
      author         = "G. Kramberger",
      title          = "{KDetSim: a simple way to simulate detectors, http://kdetsim.org}",
      journal        = %"J. Micromech. Microeng.",
      volume         = %"6",
      year           = %"1996",
      pages          = %"1",
      doi            = %"10.1088/0960-1317/6/1/001"
      SLACcitation   = "%%CITATION = NUIMA,A592,38;%%"
}